{"id":"roriashowdown-gen9natdexrcvgc2026regb-2043","p1":"squib","p2":"","format":"[Gen 9] NatDex RC VGC 2026 Reg B","uploadtime":1773093608,"log":"|j|☆squib\n|j|☆Antboy12\n|t:|1773093209\n|gametype|doubles\n|player|p1|squib|266|\n|player|p2|Antboy12|1|\n|gen|9\n|tier|[Gen 9] NatDex RC VGC 2026 Reg B\n|rated|Tournament battle\n|rule|Species Clause: Limit one of each Pokémon\n|rule|Item Clause: Limit 1 of each item\n|rule|HP Percentage Mod: HP is shown in percentages\n|rule|Endless Battle Clause: Forcing endless battles is banned\n|rule|Terastal Clause: You cannot Terastallize\n|clearpoke\n|poke|p1|Cresselia, L50, F|\n|poke|p1|Heatran, L50, F|\n|poke|p1|Amoonguss, L50, F|\n|poke|p1|Landorus-Therian, L50, M|\n|poke|p1|Flutter Mane, L50|\n|poke|p1|Urshifu-*, L50, M|\n|poke|p2|Dragonite, L50, F|\n|poke|p2|Incineroar, L50, F|\n|poke|p2|Torkoal, L50, F|\n|poke|p2|Typhlosion, L50, M|\n|poke|p2|Farigiraf, L50, M|\n|poke|p2|Lilligant-Hisui, L50, F|\n|teampreview|4\n|showteam|p1|Cresselia||SafetyGoggles|Levitate|TrickRoom,LunarBlessing,IceBeam,Protect|||F|||50|]Heatran||Heatranite|FlashFire|HeatWave,FlashCannon,Substitute,Protect|||F|||50|]Amoonguss||RockyHelmet|Regenerator|RagePowder,Spore,SludgeBomb,Protect|||F|||50|]Landorus-Therian||ChoiceBand|Intimidate|StompingTantrum,RockSlide,Earthquake,Uturn|||M|||50|]Flutter Mane||BoosterEnergy|Protosynthesis|Moonblast,IcyWind,ThunderWave,Protect||||||50|]Urshifu-Rapid-Strike||FocusSash|UnseenFist|SurgingStrikes,CloseCombat,Taunt,Detect|||M|||50|\n|showteam|p2|Dragonite||LoadedDice|InnerFocus|ScaleShot,ExtremeSpeed,Tailwind,IceSpinner|||F|||50|]Incineroar||SafetyGoggles|Intimidate|FakeOut,FlareBlitz,KnockOff,PartingShot|||F|||50|]Torkoal||LifeOrb|Drought|Eruption,WeatherBall,SolarBeam,Protect|||F|||50|]Typhlosion||ChoiceScarf|FlashFire|Eruption,HeatWave,SolarBeam,ScorchingSands|||M|||50|]Farigiraf||MentalHerb|ArmorTail|FoulPlay,TrickRoom,HelpingHand,Protect|||M|||50|]Lilligant-Hisui||FocusSash|Chlorophyll|AfterYou,SleepPowder,SolarBlade,CloseCombat|||F|||50|\n|inactive|Battle timer is ON: inactive players will automatically lose when time's up. (requested by Antboy12)\n|inactive|squib has 60 seconds left.\n|inactive|squib has 30 seconds left.\n|c|☆squib|this is just loss from team preview aint it\n|c|☆squib|oh boy\n|inactive|squib has 20 seconds left.\n|inactive|squib has 15 seconds left.\n|inactive|squib has 10 seconds left.\n|inactive|squib has 5 seconds left.\n|\n|t:|1773093295\n|teamsize|p1|4\n|teamsize|p2|4\n|start\n|switch|p1a: Flutter Mane|Flutter Mane, L50|100/100\n|switch|p1b: Urshifu|Urshifu-Rapid-Strike, L50, M|100/100\n|switch|p2a: Torkoal|Torkoal, L50, F|100/100\n|switch|p2b: Lilligant|Lilligant-Hisui, L50, F|100/100\n|-weather|SunnyDay|[from] ability: Drought|[of] p2a: Torkoal\n|-activate|p1a: Flutter Mane|ability: Protosynthesis\n|-start|p1a: Flutter Mane|protosynthesisspe\n|turn|1\n|inactive|squib has 30 seconds left.\n|inactive|Antboy12 has 30 seconds left.\n|inactive|squib has 20 seconds left.\n|inactive|squib has 15 seconds left.\n|inactive|Antboy12 has 20 seconds left.\n|\n|t:|1773093339\n|move|p1a: Flutter Mane|Protect|p1a: Flutter Mane\n|-singleturn|p1a: Flutter Mane|Protect\n|move|p2b: Lilligant|After You|p2a: Torkoal\n|-activate|p2a: Torkoal|move: After You\n|move|p2a: Torkoal|Eruption|p1a: Flutter Mane|[spread] p1b\n|-activate|p1a: Flutter Mane|move: Protect\n|-resisted|p1b: Urshifu\n|-damage|p1b: Urshifu|30/100\n|-damage|p2a: Torkoal|91/100|[from] item: Life Orb\n|move|p1b: Urshifu|Taunt|p2b: Lilligant\n|-start|p2b: Lilligant|move: Taunt\n|\n|-weather|SunnyDay|[upkeep]\n|upkeep\n|turn|2\n|inactive|squib has 30 seconds left.\n|inactive|squib has 20 seconds left.\n|\n|t:|1773093378\n|move|p1b: Urshifu|Detect|p1b: Urshifu\n|-singleturn|p1b: Urshifu|Protect\n|move|p2b: Lilligant|Solar Blade||[still]\n|-prepare|p2b: Lilligant|Solar Blade\n|-anim|p2b: Lilligant|Solar Blade|p1b: Urshifu\n|-activate|p1b: Urshifu|move: Protect\n|move|p1a: Flutter Mane|Moonblast|p2b: Lilligant\n|-supereffective|p2b: Lilligant\n|-enditem|p2b: Lilligant|Focus Sash\n|-damage|p2b: Lilligant|1/100\n|move|p2a: Torkoal|Weather Ball|p1a: Flutter Mane\n|-damage|p1a: Flutter Mane|29/100\n|-damage|p2a: Torkoal|81/100|[from] item: Life Orb\n|\n|-weather|SunnyDay|[upkeep]\n|upkeep\n|turn|3\n|inactive|squib has 30 seconds left.\n|inactive|squib has 20 seconds left.\n|inactive|squib has 15 seconds left.\n|\n|t:|1773093418\n|switch|p1b: Heatran|Heatran, L50, F|100/100\n|move|p1a: Flutter Mane|Protect|p1a: Flutter Mane\n|-singleturn|p1a: Flutter Mane|Protect\n|move|p2b: Lilligant|Solar Blade||[still]\n|-prepare|p2b: Lilligant|Solar Blade\n|-anim|p2b: Lilligant|Solar Blade|p1b: Heatran\n|-resisted|p1b: Heatran\n|-damage|p1b: Heatran|88/100\n|move|p2a: Torkoal|Weather Ball|p1a: Flutter Mane\n|-activate|p1a: Flutter Mane|move: Protect\n|\n|-weather|SunnyDay|[upkeep]\n|upkeep\n|turn|4\n|inactive|squib has 30 seconds left.\n|inactive|squib has 20 seconds left.\n|\n|t:|1773093456\n|detailschange|p1b: Heatran|Heatran-Mega, L50, F\n|-mega|p1b: Heatran|Heatran|Heatranite\n|move|p2a: Torkoal|Protect|p2a: Torkoal\n|-singleturn|p2a: Torkoal|Protect\n|move|p2b: Lilligant|Solar Blade||[still]\n|-prepare|p2b: Lilligant|Solar Blade\n|-anim|p2b: Lilligant|Solar Blade|p1a: Flutter Mane\n|-damage|p1a: Flutter Mane|0 fnt\n|faint|p1a: Flutter Mane\n|-end|p1a: Flutter Mane|Protosynthesis|[silent]\n|move|p1b: Heatran|Substitute|p1b: Heatran\n|-start|p1b: Heatran|Substitute\n|-damage|p1b: Heatran|63/100\n|\n|-weather|SunnyDay|[upkeep]\n|-end|p2b: Lilligant|move: Taunt\n|upkeep\n|\n|t:|1773093470\n|switch|p1a: Landorus|Landorus-Therian, L50, M|100/100\n|-ability|p1a: Landorus|Intimidate|boost\n|-unboost|p2a: Torkoal|atk|1\n|-unboost|p2b: Lilligant|atk|1\n|turn|5\n|c|☆Antboy12|was kinda afraid of that\n|inactive|Antboy12 has 30 seconds left.\n|\n|t:|1773093504\n|switch|p1a: Urshifu|Urshifu-Rapid-Strike, L50, M|30/100\n|move|p2b: Lilligant|After You|p2a: Torkoal\n|-activate|p2a: Torkoal|move: After You\n|move|p2a: Torkoal|Eruption|p1b: Heatran|[spread] p1a,p1b\n|-end|p1b: Heatran|Substitute\n|-resisted|p1a: Urshifu\n|-damage|p1a: Urshifu|0 fnt\n|faint|p1a: Urshifu\n|-damage|p2a: Torkoal|72/100|[from] item: Life Orb\n|move|p1b: Heatran|Heat Wave|p2b: Lilligant|[spread] p2a,p2b\n|-resisted|p2a: Torkoal\n|-supereffective|p2b: Lilligant\n|-damage|p2a: Torkoal|24/100\n|-damage|p2b: Lilligant|0 fnt\n|faint|p2b: Lilligant\n|\n|-weather|none\n|upkeep\n|\n|t:|1773093522\n|switch|p2b: Typhlosion|Typhlosion, L50, M|100/100\n|switch|p1a: Landorus|Landorus-Therian, L50, M|100/100\n|-ability|p1a: Landorus|Intimidate|boost\n|-unboost|p2a: Torkoal|atk|1\n|-unboost|p2b: Typhlosion|atk|1\n|turn|6\n|\n|t:|1773093535\n|switch|p2a: Incineroar|Incineroar, L50, F|100/100\n|-ability|p2a: Incineroar|Intimidate|boost\n|-unboost|p1a: Landorus|atk|1\n|-unboost|p1b: Heatran|atk|1\n|move|p2b: Typhlosion|Scorching Sands|p1b: Heatran\n|-supereffective|p1b: Heatran\n|-damage|p1b: Heatran|14/100\n|move|p1a: Landorus|Rock Slide|p2b: Typhlosion|[spread] p2a,p2b\n|-supereffective|p2a: Incineroar\n|-supereffective|p2b: Typhlosion\n|-damage|p2a: Incineroar|66/100\n|-damage|p2b: Typhlosion|36/100\n|move|p1b: Heatran|Heat Wave|p2a: Incineroar|[spread] p2a\n|-start|p2b: Typhlosion|ability: Flash Fire\n|-resisted|p2a: Incineroar\n|-damage|p2a: Incineroar|43/100\n|\n|upkeep\n|turn|7\n|\n|t:|1773093552\n|move|p1b: Heatran|Protect|p1b: Heatran\n|-singleturn|p1b: Heatran|Protect\n|move|p2a: Incineroar|Fake Out|p1a: Landorus\n|-damage|p1a: Landorus|87/100\n|move|p2b: Typhlosion|Scorching Sands|p1b: Heatran\n|-activate|p1b: Heatran|move: Protect\n|cant|p1a: Landorus|flinch\n|\n|upkeep\n|turn|8\n|\n|t:|1773093564\n|move|p1b: Heatran|Protect||[still]\n|-fail|p1b: Heatran\n|move|p2b: Typhlosion|Scorching Sands|p1b: Heatran\n|-supereffective|p1b: Heatran\n|-damage|p1b: Heatran|0 fnt\n|faint|p1b: Heatran\n|detailschange|p1: Heatran|Heatran, L50, F|[silent]\n|move|p1a: Landorus|Rock Slide|p2a: Incineroar|[spread] p2a\n|-miss|p1a: Landorus|p2b: Typhlosion\n|-supereffective|p2a: Incineroar\n|-damage|p2a: Incineroar|9/100\n|cant|p2a: Incineroar|flinch\n|\n|upkeep\n|turn|9\n|\n|t:|1773093580\n|-end|p2b: Typhlosion|ability: Flash Fire|[silent]\n|switch|p2b: Torkoal|Torkoal, L50, F|24/100\n|-weather|SunnyDay|[from] ability: Drought|[of] p2b: Torkoal\n|move|p1a: Landorus|Rock Slide|p2a: Incineroar|[spread] p2a,p2b\n|-supereffective|p2a: Incineroar\n|-supereffective|p2b: Torkoal\n|-damage|p2a: Incineroar|0 fnt\n|-damage|p2b: Torkoal|0 fnt\n|faint|p2a: Incineroar\n|faint|p2b: Torkoal\n|\n|-weather|SunnyDay|[upkeep]\n|upkeep\n|\n|t:|1773093587\n|switch|p2a: Typhlosion|Typhlosion, L50, M|36/100\n|turn|10\n|\n|t:|1773093591\n|move|p2a: Typhlosion|Heat Wave|p1a: Landorus\n|-damage|p1a: Landorus|0 fnt\n|faint|p1a: Landorus\n|\n|win|Antboy12\n|n|☆squib|squib\n|n|☆Antboy12|antboy12\n|c|☆Antboy12|ggs\n|l|☆Antboy12\n|player|p2|\n"}