{"id":"roriashowdown-gen9natdexrcvgc2026rega-1951","p1":"squib","p2":"GamerDzha","format":"[Gen 9] NatDex RC VGC 2026 Reg A","uploadtime":1773088353,"log":"|j|☆squib\n|j|☆GamerDzha\n|t:|1773087959\n|gametype|doubles\n|player|p1|squib|169|\n|player|p2|GamerDzha|wallace|\n|gen|9\n|tier|[Gen 9] NatDex RC VGC 2026 Reg A\n|rated|Tournament battle\n|rule|Species Clause: Limit one of each Pokémon\n|rule|Item Clause: Limit 1 of each item\n|rule|HP Percentage Mod: HP is shown in percentages\n|rule|Endless Battle Clause: Forcing endless battles is banned\n|rule|Terastal Clause: You cannot Terastallize\n|clearpoke\n|poke|p1|Pachirisu, L50, F|\n|poke|p1|Salamence, L50, M|\n|poke|p1|Incineroar, L50, M|\n|poke|p1|Primarina, L50, M|\n|poke|p1|Rillaboom, L50, F|\n|poke|p1|Ursaluna-Bloodmoon, L50, M|\n|poke|p2|Nidoking, L50, M|\n|poke|p2|Whimsicott, L50, M|\n|poke|p2|Farigiraf, L50, M|\n|poke|p2|Dracovish, L50|\n|poke|p2|Kingambit, L50, F|\n|poke|p2|Lucario, L50, F|\n|teampreview|4\n|showteam|p1|Pachirisu||SitrusBerry|VoltAbsorb|FollowMe,HelpingHand,SuperFang,Protect|||F|||50|]Salamence||Salamencite|Intimidate|Tailwind,HyperVoice,DoubleEdge,Protect|||M|||50|]Incineroar||SafetyGoggles|Intimidate|PartingShot,FlareBlitz,KnockOff,FakeOut|||M|||50|]Primarina||FairiumZ|LiquidVoice|Haze,HyperVoice,Moonblast,Protect|||M|||50|]Rillaboom||AssaultVest|GrassySurge|FakeOut,WoodHammer,GrassyGlide,Uturn|||F|||50|]Ursaluna-Bloodmoon||LifeOrb|MindsEye|EarthPower,HyperVoice,BloodMoon,Protect|||M|||50|\n|showteam|p2|Nidoking||LifeOrb|SheerForce|SludgeBomb,EarthPower,FocusBlast,Protect|||M|||50|]Whimsicott||FocusSash|Prankster|Moonblast,Tailwind,FakeTears,Protect|||M|||50|]Farigiraf||PsychiumZ|ArmorTail|HyperVoice,TrickRoom,Imprison,Protect|||M|||50|]Dracovish||ChoiceBand|StrongJaw|FishiousRend,Crunch,IceFang,PsychicFangs||||||50|]Kingambit||DarkGem|Defiant|SuckerPunch,KowtowCleave,IronHead,Protect|||F|||50|]Lucario||LucarioniteZ|Steadfast|AuraSphere,FlashCannon,DarkPulse,Detect|||F|||50|\n|j| elvis990033\n|\n|t:|1773088010\n|teamsize|p1|4\n|teamsize|p2|4\n|start\n|switch|p1a: Primarina|Primarina, L50, M|100/100\n|switch|p1b: Ursaluna|Ursaluna-Bloodmoon, L50, M|100/100\n|switch|p2a: Kingambit|Kingambit, L50, F, shiny|100/100\n|switch|p2b: Nidoking|Nidoking, L50, M, shiny|100/100\n|turn|1\n|l| elvis990033\n|\n|t:|1773088098\n|move|p1a: Primarina|Protect|p1a: Primarina\n|-singleturn|p1a: Primarina|Protect\n|move|p2b: Nidoking|Focus Blast|p1b: Ursaluna\n|-supereffective|p1b: Ursaluna\n|-damage|p1b: Ursaluna|0 fnt\n|faint|p1b: Ursaluna\n|move|p2a: Kingambit|Iron Head|p1a: Primarina\n|-activate|p1a: Primarina|move: Protect\n|\n|upkeep\n|\n|t:|1773088108\n|switch|p1b: Pachirisu|Pachirisu, L50, F|100/100\n|turn|2\n|\n|t:|1773088142\n|switch|p2b: Farigiraf|Farigiraf, L50, M, shiny|100/100\n|move|p2a: Kingambit|Protect|p2a: Kingambit\n|-singleturn|p2a: Kingambit|Protect\n|move|p1b: Pachirisu|Follow Me|p1b: Pachirisu\n|-singleturn|p1b: Pachirisu|move: Follow Me\n|move|p1a: Primarina|Hyper Voice|p2a: Kingambit|[spread] p2b\n|-activate|p2a: Kingambit|move: Protect\n|-damage|p2b: Farigiraf|54/100\n|\n|upkeep\n|turn|3\n|\n|t:|1773088173\n|move|p1b: Pachirisu|Super Fang|p2b: Farigiraf\n|-damage|p2b: Farigiraf|27/100\n|-zpower|p1a: Primarina\n|move|p1a: Primarina|Twinkle Tackle|p2a: Kingambit|[zeffect]\n|-damage|p2a: Kingambit|0 fnt\n|faint|p2a: Kingambit\n|-zpower|p2b: Farigiraf\n|move|p2b: Farigiraf|Z-Imprison|p2b: Farigiraf|[anim]Imprison\n|-boost|p2b: Farigiraf|spd|2|[zeffect]\n|-start|p2b: Farigiraf|move: Imprison\n|\n|upkeep\n|j| ronny3510\n|l| ronny3510\n|\n|t:|1773088197\n|switch|p2a: Nidoking|Nidoking, L50, M, shiny|100/100\n|turn|4\n|j|#Jahim\n|c|#Jahim|cook him squib!\n|\n|t:|1773088222\n|move|p1b: Pachirisu|Follow Me|p1b: Pachirisu\n|-singleturn|p1b: Pachirisu|move: Follow Me\n|move|p2a: Nidoking|Sludge Bomb|p1b: Pachirisu\n|-supereffective|p1b: Pachirisu\n|-damage|p1b: Pachirisu|0 fnt\n|faint|p1b: Pachirisu\n|move|p1a: Primarina|Haze|p1a: Primarina\n|-clearallboost\n|move|p2b: Farigiraf|Hyper Voice|p1a: Primarina\n|-damage|p1a: Primarina|71/100\n|\n|upkeep\n|\n|t:|1773088231\n|switch|p1b: Salamence|Salamence, L50, M|100/100\n|-ability|p1b: Salamence|Intimidate|boost\n|-unboost|p2a: Nidoking|atk|1\n|-unboost|p2b: Farigiraf|atk|1\n|turn|5\n|c|#Jahim|yo z imprison raw is isnane\n|c|#Jahim|hey it ignores taunt ig\n|c|#Jahim|vs HTR its like most counter team ever\n|c|#Jahim|but here eh\n|j| Scrappy9\n|\n|t:|1773088296\n|detailschange|p1b: Salamence|Salamence-Mega, L50, M\n|-mega|p1b: Salamence|Salamence|Salamencite\n|move|p2a: Nidoking|Protect|p2a: Nidoking\n|-singleturn|p2a: Nidoking|Protect\n|move|p1b: Salamence|Double-Edge|p2b: Farigiraf\n|-damage|p2b: Farigiraf|0 fnt\n|faint|p2b: Farigiraf\n|-damage|p1b: Salamence|89/100|[from] Recoil\n|move|p1a: Primarina|Moonblast|p2a: Nidoking\n|-activate|p2a: Nidoking|move: Protect\n|\n|upkeep\n|c|☆GamerDzha|ah\n|\n|t:|1773088311\n|switch|p2b: Lucario|Lucario, L50, F, shiny|100/100\n|turn|6\n|l| Scrappy9\n|\n|t:|1773088324\n|detailschange|p2b: Lucario|Lucario-Mega-Z, L50, F, shiny\n|-mega|p2b: Lucario|Lucario|Lucarionite Z\n|move|p1a: Primarina|Protect|p1a: Primarina\n|-singleturn|p1a: Primarina|Protect\n|move|p2b: Lucario|Dark Pulse|p1b: Salamence\n|-damage|p1b: Salamence|34/100\n|cant|p1b: Salamence|flinch\n|move|p2a: Nidoking|Sludge Bomb|p1a: Primarina\n|-activate|p1a: Primarina|move: Protect\n|\n|upkeep\n|turn|7\n|c|#Jahim|cook him like a steak!\n|c|☆squib|REF\n|c|☆squib|NOOOOOOOOO\n|c|☆GamerDzha|GGGS\n|\n|t:|1773088343\n|move|p2b: Lucario|Dark Pulse|p1b: Salamence\n|-damage|p1b: Salamence|0 fnt\n|faint|p1b: Salamence\n|detailschange|p1: Salamence|Salamence, L50, M|[silent]\n|move|p2a: Nidoking|Sludge Bomb|p1a: Primarina\n|-supereffective|p1a: Primarina\n|-damage|p1a: Primarina|0 fnt\n|faint|p1a: Primarina\n|\n|win|GamerDzha\n|n|☆squib|squib\n|n|☆GamerDzha|gamerdzha\n|n|@Jahim|jahim\n"}