{"id":"roriashowdown-gen9natdexrcou-1782","p1":"","p2":"louxse","format":"[Gen 9] NatDex RC OU","uploadtime":1772922324,"log":"|j|鈽哻eiiardoor\n|j|鈽唋ouxse\n|t:|1772921862\n|gametype|singles\n|player|p1|ceiiardoor|olivia|1339\n|player|p2|louxse|miku-ghost|1160\n|gen|9\n|tier|[Gen 9] NatDex RC OU\n|rated|\n|rule|HP Percentage Mod: HP is shown in percentages\n|rule|Endless Battle Clause: Forcing endless battles is banned\n|rule|Species Clause: Limit one of each Pok茅mon\n|rule|OHKO Clause: OHKO moves are banned\n|rule|Evasion Clause: Evasion abilities, items, and moves are banned\n|rule|Evasion Abilities Clause: Evasion abilities are banned\n|rule|Evasion Items Clause: Evasion items are banned\n|rule|Evasion Moves Clause: Evasion moves are banned\n|rule|Sleep Clause Mod: Limit one foe put to sleep\n|rule|Terastal Clause: You cannot Terastallize\n|clearpoke\n|poke|p1|Terapagos, M|\n|poke|p1|Swellow, F|\n|poke|p1|Ogerpon-Cornerstone, F|\n|poke|p1|Great Tusk|\n|poke|p1|Dragalge, F|\n|poke|p1|Alomomola, M|\n|poke|p2|Sharpedo, F|\n|poke|p2|Tapu Lele|\n|poke|p2|Garchomp, F|\n|poke|p2|Gholdengo|\n|poke|p2|Landorus-Therian, M|\n|poke|p2|Zapdos|\n|teampreview\n|inactive|Battle timer is ON: inactive players will automatically lose when time's up. (requested by ceiiardoor)\n|c|鈽唋ouxse|ohmagad\n|\n|t:|1772921882\n|teamsize|p1|6\n|teamsize|p2|6\n|start\n|switch|p1a: Dragalge|Dragalge, F|100/100\n|switch|p2a: Sharpedo|Sharpedo, F|100/100\n|turn|1\n|\n|t:|1772921895\n|detailschange|p1a: Dragalge|Dragalge-Mega, F\n|-mega|p1a: Dragalge|Dragalge|Dragalgite\n|move|p2a: Sharpedo|Protect|p2a: Sharpedo\n|-singleturn|p2a: Sharpedo|Protect\n|move|p1a: Dragalge|Spikes|p2a: Sharpedo\n|-sidestart|p2: louxse|Spikes\n|\n|-ability|p2a: Sharpedo|Speed Boost|boost\n|-boost|p2a: Sharpedo|spe|1\n|upkeep\n|turn|2\n|\n|t:|1772921913\n|detailschange|p2a: Sharpedo|Sharpedo-Mega, F\n|-mega|p2a: Sharpedo|Sharpedo|Sharpedonite\n|move|p2a: Sharpedo|Psychic Fangs|p1a: Dragalge\n|-supereffective|p1a: Dragalge\n|-damage|p1a: Dragalge|10/100\n|move|p1a: Dragalge|Draco Meteor|p2a: Sharpedo\n|-damage|p2a: Sharpedo|4/100\n|-unboost|p1a: Dragalge|spa|2\n|\n|upkeep\n|turn|3\n|c|鈽唋ouxse|badass\n|\n|t:|1772921932\n|switch|p1a: Alomomola|Alomomola, M|100/100\n|move|p2a: Sharpedo|Crunch|p1a: Alomomola\n|-damage|p1a: Alomomola|55/100\n|\n|upkeep\n|turn|4\n|\n|t:|1772921938\n|move|p2a: Sharpedo|Crunch|p1a: Alomomola\n|-damage|p1a: Alomomola|8/100\n|-unboost|p1a: Alomomola|def|1\n|move|p1a: Alomomola|Mirror Coat||[still]\n|-fail|p1a: Alomomola\n|\n|upkeep\n|turn|5\n|c|鈽唋ouxse|?\n|\n|t:|1772921950\n|switch|p1a: Dragalge|Dragalge-Mega, F|43/100\n|move|p2a: Sharpedo|Psychic Fangs|p1a: Dragalge\n|-supereffective|p1a: Dragalge\n|-damage|p1a: Dragalge|0 fnt\n|faint|p1a: Dragalge\n|detailschange|p1: Dragalge|Dragalge, F|[silent]\n|\n|upkeep\n|\n|t:|1772921952\n|switch|p1a: Ogerpon|Ogerpon-Cornerstone, F|100/100\n|turn|6\n|\n|t:|1772921959\n|move|p2a: Sharpedo|Crunch|p1a: Ogerpon\n|-damage|p1a: Ogerpon|6/100\n|move|p1a: Ogerpon|Ivy Cudgel|p2a: Sharpedo|[anim] Ivy Cudgel Rock\n|-damage|p2a: Sharpedo|0 fnt\n|faint|p2a: Sharpedo\n|detailschange|p2: Sharpedo|Sharpedo, F|[silent]\n|\n|upkeep\n|\n|t:|1772921971\n|switch|p2a: Tapu Lele|Tapu Lele|100/100\n|-damage|p2a: Tapu Lele|88/100|[from] Spikes\n|-fieldstart|move: Psychic Terrain|[from] ability: Psychic Surge|[of] p2a: Tapu Lele\n|turn|7\n|\n|t:|1772921978\n|move|p2a: Tapu Lele|Psyshock|p1a: Ogerpon\n|-damage|p1a: Ogerpon|0 fnt\n|faint|p1a: Ogerpon\n|\n|upkeep\n|\n|t:|1772921983\n|switch|p1a: Terapagos|Terapagos, M|100/100\n|-activate|p1a: Terapagos|ability: Tera Shift\n|detailschange|p1a: Terapagos|Terapagos-Terastal, M\n|-heal|p1a: Terapagos|100/100|[silent]\n|turn|8\n|\n|t:|1772921990\n|switch|p2a: Gholdengo|Gholdengo|100/100\n|-damage|p2a: Gholdengo|88/100|[from] Spikes\n|move|p1a: Terapagos|Calm Mind|p1a: Terapagos\n|-boost|p1a: Terapagos|spa|1\n|-boost|p1a: Terapagos|spd|1\n|\n|-heal|p2a: Gholdengo|94/100|[from] item: Leftovers\n|upkeep\n|turn|9\n|\n|t:|1772921994\n|move|p1a: Terapagos|Earth Power|p2a: Gholdengo\n|-supereffective|p2a: Gholdengo\n|-damage|p2a: Gholdengo|25/100\n|move|p2a: Gholdengo|Thunder Wave|p1a: Terapagos\n|-status|p1a: Terapagos|par\n|\n|-heal|p2a: Gholdengo|31/100|[from] item: Leftovers\n|upkeep\n|turn|10\n|\n|t:|1772921998\n|move|p2a: Gholdengo|Make It Rain|p1a: Terapagos\n|-activate|p1a: Terapagos|ability: Tera Shell\n|-resisted|p1a: Terapagos\n|-damage|p1a: Terapagos|84/100 par\n|-unboost|p2a: Gholdengo|spa|1\n|cant|p1a: Terapagos|par\n|\n|-heal|p2a: Gholdengo|38/100|[from] item: Leftovers\n|upkeep\n|turn|11\n|\n|t:|1772922007\n|move|p2a: Gholdengo|Recover|p2a: Gholdengo\n|-heal|p2a: Gholdengo|88/100\n|cant|p1a: Terapagos|par\n|\n|-heal|p2a: Gholdengo|94/100|[from] item: Leftovers\n|-fieldend|move: Psychic Terrain\n|upkeep\n|turn|12\n|c|鈽哻eiiardoor|Alright\n|\n|t:|1772922016\n|switch|p2a: Landorus|Landorus-Therian, M|100/100\n|-ability|p2a: Landorus|Intimidate|boost\n|-unboost|p1a: Terapagos|atk|1\n|move|p1a: Terapagos|Earth Power|p2a: Landorus\n|-immune|p2a: Landorus\n|\n|upkeep\n|turn|13\n|c|鈽唋ouxse|mb\n|\n|t:|1772922025\n|move|p2a: Landorus|Swords Dance|p2a: Landorus\n|-boost|p2a: Landorus|atk|2\n|move|p1a: Terapagos|Tera Starstorm|p2a: Landorus\n|-damage|p2a: Landorus|0 fnt\n|faint|p2a: Landorus\n|\n|upkeep\n|c|鈽唋ouxse|gulp\n|\n|t:|1772922035\n|switch|p2a: Tapu Lele|Tapu Lele|88/100\n|-damage|p2a: Tapu Lele|76/100|[from] Spikes\n|-fieldstart|move: Psychic Terrain|[from] ability: Psychic Surge|[of] p2a: Tapu Lele\n|turn|14\n|\n|t:|1772922039\n|move|p2a: Tapu Lele|Psyshock|p1a: Terapagos\n|-damage|p1a: Terapagos|34/100 par\n|move|p1a: Terapagos|Tera Starstorm|p2a: Tapu Lele\n|-damage|p2a: Tapu Lele|0 fnt\n|faint|p2a: Tapu Lele\n|\n|upkeep\n|c|鈽唋ouxse|What\n|\n|t:|1772922050\n|switch|p2a: Garchomp|Garchomp, F|100/100\n|-damage|p2a: Garchomp|88/100|[from] Spikes\n|turn|15\n|\n|t:|1772922055\n|move|p2a: Garchomp|Scale Shot|p1a: Terapagos\n|-damage|p1a: Terapagos|21/100 par\n|-damage|p1a: Terapagos|8/100 par\n|-damage|p1a: Terapagos|0 fnt\n|faint|p1a: Terapagos\n|-hitcount|p1: Terapagos|3\n|-unboost|p2a: Garchomp|def|1\n|-boost|p2a: Garchomp|spe|1\n|\n|upkeep\n|\n|t:|1772922062\n|switch|p1a: Great Tusk|Great Tusk|100/100\n|turn|16\n|\n|t:|1772922066\n|switch|p2a: Zapdos|Zapdos|100/100\n|move|p1a: Great Tusk|Ice Spinner|p2a: Zapdos\n|-supereffective|p2a: Zapdos\n|-damage|p2a: Zapdos|56/100\n|-fieldend|move: Psychic Terrain\n|\n|upkeep\n|turn|17\n|\n|t:|1772922069\n|-end|p1a: Great Tusk|Protosynthesis|[silent]\n|switch|p1a: Alomomola|Alomomola, M|41/100\n|move|p2a: Zapdos|Roost|p2a: Zapdos\n|-heal|p2a: Zapdos|100/100\n|-singleturn|p2a: Zapdos|move: Roost\n|\n|upkeep\n|turn|18\n|\n|t:|1772922075\n|move|p2a: Zapdos|Volt Switch|p1a: Alomomola\n|-supereffective|p1a: Alomomola\n|-damage|p1a: Alomomola|9/100\n|\n|t:|1772922078\n|switch|p2a: Gholdengo|Gholdengo|94/100|[from] Volt Switch\n|-damage|p2a: Gholdengo|81/100|[from] Spikes\n|move|p1a: Alomomola|Flip Turn|p2a: Gholdengo\n|-crit|p2a: Gholdengo\n|-damage|p2a: Gholdengo|61/100\n|\n|t:|1772922082\n|switch|p1a: Swellow|Swellow, F|100/100|[from] Flip Turn\n|\n|-heal|p2a: Gholdengo|67/100|[from] item: Leftovers\n|upkeep\n|turn|19\n|\n|t:|1772922089\n|move|p1a: Swellow|U-turn|p2a: Gholdengo\n|-resisted|p2a: Gholdengo\n|-damage|p2a: Gholdengo|65/100\n|\n|t:|1772922090\n|switch|p1a: Alomomola|Alomomola, M|43/100|[from] U-turn\n|move|p2a: Gholdengo|Thunder Wave|p1a: Alomomola|[miss]\n|-miss|p2a: Gholdengo|p1a: Alomomola\n|\n|-heal|p2a: Gholdengo|71/100|[from] item: Leftovers\n|upkeep\n|turn|20\n|\n|t:|1772922095\n|move|p2a: Gholdengo|Thunder Wave|p1a: Alomomola\n|-status|p1a: Alomomola|par\n|cant|p1a: Alomomola|par\n|\n|-heal|p2a: Gholdengo|77/100|[from] item: Leftovers\n|upkeep\n|turn|21\n|\n|t:|1772922104\n|move|p2a: Gholdengo|Hex|p1a: Alomomola\n|-damage|p1a: Alomomola|9/100 par\n|move|p1a: Alomomola|Flip Turn|p2a: Gholdengo\n|-damage|p2a: Gholdengo|65/100\n|\n|t:|1772922110\n|switch|p1a: Great Tusk|Great Tusk|100/100|[from] Flip Turn\n|\n|-heal|p2a: Gholdengo|71/100|[from] item: Leftovers\n|upkeep\n|turn|22\n|\n|t:|1772922117\n|-end|p1a: Great Tusk|Protosynthesis|[silent]\n|switch|p1a: Alomomola|Alomomola, M|42/100 par\n|move|p2a: Gholdengo|Make It Rain|p1a: Alomomola\n|-resisted|p1a: Alomomola\n|-damage|p1a: Alomomola|29/100 par\n|-unboost|p2a: Gholdengo|spa|1\n|\n|-heal|p2a: Gholdengo|77/100|[from] item: Leftovers\n|upkeep\n|turn|23\n|\n|t:|1772922128\n|move|p2a: Gholdengo|Recover|p2a: Gholdengo\n|-heal|p2a: Gholdengo|100/100\n|cant|p1a: Alomomola|par\n|\n|upkeep\n|turn|24\n|\n|t:|1772922140\n|switch|p2a: Zapdos|Zapdos|100/100\n|cant|p1a: Alomomola|par\n|\n|upkeep\n|turn|25\n|c|鈽哻eiiardoor|Dude\n|\n|t:|1772922155\n|move|p2a: Zapdos|Volt Switch|p1a: Alomomola\n|-supereffective|p1a: Alomomola\n|-damage|p1a: Alomomola|0 fnt\n|faint|p1a: Alomomola\n|c|鈽唋ouxse|mbbb馃挃馃挃\n|\n|t:|1772922168\n|switch|p2a: Gholdengo|Gholdengo|100/100|[from] Volt Switch\n|-damage|p2a: Gholdengo|88/100|[from] Spikes\n|\n|-heal|p2a: Gholdengo|94/100|[from] item: Leftovers\n|upkeep\n|\n|t:|1772922171\n|switch|p1a: Swellow|Swellow, F|100/100\n|turn|26\n|\n|t:|1772922175\n|move|p1a: Swellow|Heat Wave|p2a: Gholdengo\n|-supereffective|p2a: Gholdengo\n|-damage|p2a: Gholdengo|16/100\n|-status|p2a: Gholdengo|brn\n|move|p2a: Gholdengo|Make It Rain|p1a: Swellow\n|-damage|p1a: Swellow|16/100\n|-unboost|p2a: Gholdengo|spa|1\n|\n|-heal|p2a: Gholdengo|22/100 brn|[from] item: Leftovers\n|-damage|p2a: Gholdengo|16/100 brn|[from] brn\n|upkeep\n|turn|27\n|\n|t:|1772922185\n|switch|p1a: Great Tusk|Great Tusk|100/100\n|move|p2a: Gholdengo|Make It Rain|p1a: Great Tusk\n|-damage|p1a: Great Tusk|44/100\n|-unboost|p2a: Gholdengo|spa|1\n|\n|-heal|p2a: Gholdengo|22/100 brn|[from] item: Leftovers\n|-damage|p2a: Gholdengo|16/100 brn|[from] brn\n|upkeep\n|turn|28\n|\n|t:|1772922194\n|move|p1a: Great Tusk|Stone Edge|p2a: Gholdengo\n|-resisted|p2a: Gholdengo\n|-damage|p2a: Gholdengo|3/100 brn\n|move|p2a: Gholdengo|Make It Rain|p1a: Great Tusk\n|-damage|p1a: Great Tusk|0 fnt\n|-unboost|p2a: Gholdengo|spa|1\n|faint|p1a: Great Tusk\n|-end|p1a: Great Tusk|Protosynthesis|[silent]\n|\n|-heal|p2a: Gholdengo|9/100 brn|[from] item: Leftovers\n|-damage|p2a: Gholdengo|3/100 brn|[from] brn\n|upkeep\n|\n|t:|1772922199\n|switch|p1a: Swellow|Swellow, F|16/100\n|turn|29\n|\n|t:|1772922201\n|move|p1a: Swellow|Boomburst|p2a: Gholdengo\n|-resisted|p2a: Gholdengo\n|-damage|p2a: Gholdengo|0 fnt\n|faint|p2a: Gholdengo\n|\n|upkeep\n|\n|t:|1772922206\n|switch|p2a: Zapdos|Zapdos|100/100\n|turn|30\n|\n|t:|1772922207\n|move|p1a: Swellow|Boomburst|p2a: Zapdos\n|-damage|p2a: Zapdos|5/100\n|move|p2a: Zapdos|Volt Switch|p1a: Swellow\n|-supereffective|p1a: Swellow\n|-damage|p1a: Swellow|0 fnt\n|faint|p1a: Swellow\n|\n|win|louxse\n|raw|ceiiardoor's rating: 1339 &rarr; <strong>1315</strong><br />(-24 for losing)\n|raw|louxse's rating: 1160 &rarr; <strong>1202</strong><br />(+42 for winning)\n|c|鈽哻eiiardoor|Jesus\n|c|鈽唋ouxse|95%?????\n|l|鈽哻eiiardoor\n|player|p1|\n"}