{"id":"roriashowdown-gen9natdexrcou-1713","p1":"StaticBilbo","p2":"","format":"[Gen 9] NatDex RC OU","uploadtime":1772916119,"log":"|j|☆StaticBilbo\n|j|☆amber_whr\n|t:|1772915919\n|gametype|singles\n|player|p1|StaticBilbo|101|1000\n|player|p2|amber_whr|caitlin|1000\n|gen|9\n|tier|[Gen 9] NatDex RC OU\n|rated|\n|rule|HP Percentage Mod: HP is shown in percentages\n|rule|Endless Battle Clause: Forcing endless battles is banned\n|rule|Species Clause: Limit one of each Pokémon\n|rule|OHKO Clause: OHKO moves are banned\n|rule|Evasion Clause: Evasion abilities, items, and moves are banned\n|rule|Evasion Abilities Clause: Evasion abilities are banned\n|rule|Evasion Items Clause: Evasion items are banned\n|rule|Evasion Moves Clause: Evasion moves are banned\n|rule|Sleep Clause Mod: Limit one foe put to sleep\n|rule|Terastal Clause: You cannot Terastallize\n|clearpoke\n|poke|p1|Meganium, M|\n|poke|p1|Ninetales-Alola, M|\n|poke|p1|Galvantula, M|\n|poke|p1|Stunfisk-Galar, M|\n|poke|p1|Espeon, M|\n|poke|p1|Guzzlord|\n|poke|p2|Froslass, F|\n|poke|p2|Gliscor, F|\n|poke|p2|Kingambit, F|\n|poke|p2|Tyranitar, F|\n|poke|p2|Chandelure, F|\n|poke|p2|Iron Crown|\n|teampreview\n|\n|t:|1772915935\n|teamsize|p1|6\n|teamsize|p2|6\n|start\n|switch|p1a: Ninetales|Ninetales-Alola, M|100/100\n|switch|p2a: Froslass|Froslass, F, shiny|100/100\n|-weather|Snowscape|[from] ability: Snow Warning|[of] p1a: Ninetales\n|turn|1\n|\n|t:|1772915944\n|move|p2a: Froslass|Aurora Veil|p2a: Froslass\n|-sidestart|p2: amber_whr|move: Aurora Veil\n|move|p1a: Ninetales|Aurora Veil|p1a: Ninetales\n|-sidestart|p1: StaticBilbo|move: Aurora Veil\n|\n|-weather|Snowscape|[upkeep]\n|upkeep\n|turn|2\n|\n|t:|1772915949\n|detailschange|p2a: Froslass|Froslass-Mega, F, shiny\n|-mega|p2a: Froslass|Froslass|Froslassite\n|move|p2a: Froslass|Blizzard|p1a: Ninetales\n|-resisted|p1a: Ninetales\n|-damage|p1a: Ninetales|84/100\n|move|p1a: Ninetales|Nasty Plot|p1a: Ninetales\n|-boost|p1a: Ninetales|spa|2\n|\n|-weather|Snowscape|[upkeep]\n|upkeep\n|turn|3\n|\n|t:|1772915959\n|move|p2a: Froslass|Sucker Punch||[still]\n|-fail|p2a: Froslass\n|move|p1a: Ninetales|Nasty Plot|p1a: Ninetales\n|-boost|p1a: Ninetales|spa|2\n|\n|-weather|Snowscape|[upkeep]\n|upkeep\n|turn|4\n|\n|t:|1772915965\n|move|p2a: Froslass|Ice Beam|p1a: Ninetales\n|-resisted|p1a: Ninetales\n|-damage|p1a: Ninetales|70/100\n|move|p1a: Ninetales|Moonblast|p2a: Froslass\n|-damage|p2a: Froslass|25/100\n|-unboost|p2a: Froslass|spa|1\n|\n|-weather|Snowscape|[upkeep]\n|upkeep\n|turn|5\n|\n|t:|1772915972\n|move|p2a: Froslass|Sucker Punch|p1a: Ninetales\n|-resisted|p1a: Ninetales\n|-damage|p1a: Ninetales|67/100\n|move|p1a: Ninetales|Moonblast|p2a: Froslass\n|-damage|p2a: Froslass|0 fnt\n|faint|p2a: Froslass\n|detailschange|p2: Froslass|Froslass, F, shiny|[silent]\n|\n|-weather|none\n|-sideend|p1: StaticBilbo|move: Aurora Veil\n|-sideend|p2: amber_whr|move: Aurora Veil\n|upkeep\n|\n|t:|1772915981\n|switch|p2a: Gliscor|Gliscor, F|100/100\n|turn|6\n|\n|t:|1772915986\n|move|p1a: Ninetales|Blizzard|p2a: Gliscor|[miss]\n|-miss|p1a: Ninetales|p2a: Gliscor\n|move|p2a: Gliscor|Spikes|p1a: Ninetales\n|-sidestart|p1: StaticBilbo|Spikes\n|\n|-status|p2a: Gliscor|tox|[from] item: Toxic Orb\n|upkeep\n|turn|7\n|\n|t:|1772915992\n|move|p1a: Ninetales|Blizzard|p2a: Gliscor\n|-supereffective|p2a: Gliscor\n|-damage|p2a: Gliscor|0 fnt\n|faint|p2a: Gliscor\n|\n|upkeep\n|\n|t:|1772915997\n|switch|p2a: Tyranitar|Tyranitar, F, shiny|100/100\n|-ability|p2a: Tyranitar|Intimidate|boost\n|-unboost|p1a: Ninetales|atk|1\n|-item|p2a: Tyranitar|Air Balloon\n|turn|8\n|\n|t:|1772916003\n|move|p1a: Ninetales|Moonblast|p2a: Tyranitar\n|-supereffective|p2a: Tyranitar\n|-damage|p2a: Tyranitar|0 fnt\n|-enditem|p2a: Tyranitar|Air Balloon\n|faint|p2a: Tyranitar\n|\n|upkeep\n|\n|t:|1772916010\n|switch|p2a: Kingambit|Kingambit, F|100/100\n|-activate|p2a: Kingambit|ability: Supreme Overlord\n|-start|p2a: Kingambit|fallen3|[silent]\n|turn|9\n|\n|t:|1772916016\n|move|p1a: Ninetales|Moonblast|p2a: Kingambit\n|-damage|p2a: Kingambit|0 fnt\n|faint|p2a: Kingambit\n|-end|p2a: Kingambit|fallen3|[silent]\n|\n|upkeep\n|\n|t:|1772916023\n|switch|p2a: Chandelure|Chandelure, F|100/100\n|turn|10\n|\n|t:|1772916026\n|move|p1a: Ninetales|Moonblast|p2a: Chandelure\n|-resisted|p2a: Chandelure\n|-damage|p2a: Chandelure|6/100\n|move|p2a: Chandelure|Clear Smog|p1a: Ninetales\n|-supereffective|p1a: Ninetales\n|-damage|p1a: Ninetales|23/100\n|-clearboost|p1a: Ninetales\n|\n|-heal|p2a: Chandelure|12/100|[from] item: Leftovers\n|upkeep\n|turn|11\n|\n|t:|1772916036\n|move|p1a: Ninetales|Moonblast|p2a: Chandelure\n|-resisted|p2a: Chandelure\n|-damage|p2a: Chandelure|0 fnt\n|faint|p2a: Chandelure\n|\n|upkeep\n|\n|t:|1772916040\n|switch|p2a: Iron Crown|Iron Crown|100/100\n|-enditem|p2a: Iron Crown|Booster Energy\n|-activate|p2a: Iron Crown|ability: Quark Drive|[fromitem]\n|-start|p2a: Iron Crown|quarkdrivespa\n|turn|12\n|\n|t:|1772916061\n|switch|p1a: Stunfisk|Stunfisk-Galar, M|100/100\n|-damage|p1a: Stunfisk|88/100|[from] Spikes\n|move|p2a: Iron Crown|Psychic|p1a: Stunfisk\n|-resisted|p1a: Stunfisk\n|-damage|p1a: Stunfisk|72/100\n|\n|upkeep\n|turn|13\n|\n|t:|1772916074\n|move|p2a: Iron Crown|Calm Mind|p2a: Iron Crown\n|-boost|p2a: Iron Crown|spa|1\n|-boost|p2a: Iron Crown|spd|1\n|move|p1a: Stunfisk|Snap Trap|p2a: Iron Crown\n|-resisted|p2a: Iron Crown\n|-crit|p2a: Iron Crown\n|-damage|p2a: Iron Crown|83/100\n|-activate|p2a: Iron Crown|move: Snap Trap|[of] p1a: Stunfisk\n|\n|-damage|p2a: Iron Crown|66/100|[from] move: Snap Trap|[partiallytrapped]\n|upkeep\n|turn|14\n|\n|t:|1772916082\n|move|p2a: Iron Crown|Calm Mind|p2a: Iron Crown\n|-boost|p2a: Iron Crown|spa|1\n|-boost|p2a: Iron Crown|spd|1\n|move|p1a: Stunfisk|Recover|p1a: Stunfisk\n|-heal|p1a: Stunfisk|100/100\n|\n|-damage|p2a: Iron Crown|50/100|[from] move: Snap Trap|[partiallytrapped]\n|upkeep\n|turn|15\n|\n|t:|1772916090\n|move|p1a: Stunfisk|Protect|p1a: Stunfisk\n|-singleturn|p1a: Stunfisk|Protect\n|move|p2a: Iron Crown|Flash Cannon|p1a: Stunfisk\n|-activate|p1a: Stunfisk|move: Protect\n|\n|-damage|p2a: Iron Crown|33/100|[from] move: Snap Trap|[partiallytrapped]\n|upkeep\n|turn|16\n|\n|t:|1772916096\n|move|p2a: Iron Crown|Flash Cannon|p1a: Stunfisk\n|-resisted|p1a: Stunfisk\n|-damage|p1a: Stunfisk|68/100\n|move|p1a: Stunfisk|Recover|p1a: Stunfisk\n|-heal|p1a: Stunfisk|100/100\n|\n|-damage|p2a: Iron Crown|17/100|[from] move: Snap Trap|[partiallytrapped]\n|upkeep\n|turn|17\n|-message|amber_whr forfeited.\n|\n|win|StaticBilbo\n|raw|StaticBilbo's rating: 1000 &rarr; <strong>1045</strong><br />(+45 for winning)\n|raw|amber_whr's rating: 1000 &rarr; <strong>1000</strong><br />(+0 for losing)\n|l|☆amber_whr\n|player|p2|\n"}