{"id":"roriashowdown-gen9natdexrcou-1940","p1":"MustacheGuy1430","p2":"","format":"[Gen 9] NatDex RC OU","uploadtime":1773087615,"log":"|j|☆MustacheGuy1430\n|j|☆Go0o0\n|t:|1773087309\n|gametype|singles\n|player|p1|MustacheGuy1430|benga|1156\n|player|p2|Go0o0|2|1000\n|gen|9\n|tier|[Gen 9] NatDex RC OU\n|rated|\n|rule|HP Percentage Mod: HP is shown in percentages\n|rule|Endless Battle Clause: Forcing endless battles is banned\n|rule|Species Clause: Limit one of each Pokémon\n|rule|OHKO Clause: OHKO moves are banned\n|rule|Evasion Clause: Evasion abilities, items, and moves are banned\n|rule|Evasion Abilities Clause: Evasion abilities are banned\n|rule|Evasion Items Clause: Evasion items are banned\n|rule|Evasion Moves Clause: Evasion moves are banned\n|rule|Sleep Clause Mod: Limit one foe put to sleep\n|rule|Terastal Clause: You cannot Terastallize\n|clearpoke\n|poke|p1|Zeraora|\n|poke|p1|Guzzlord|\n|poke|p1|Chesnaught, F|\n|poke|p1|Gholdengo|\n|poke|p1|Alomomola, M|\n|poke|p1|Necrozma|\n|poke|p2|Dragonite, M|\n|poke|p2|Revavroom, F|\n|poke|p2|Rotom-Wash|\n|poke|p2|Krookodile, F|\n|poke|p2|Chandelure, M|\n|poke|p2|Hatterene, F|\n|teampreview\n|\n|t:|1773087331\n|teamsize|p1|6\n|teamsize|p2|6\n|start\n|switch|p1a: Zeraora|Zeraora, shiny|100/100\n|switch|p2a: Dragonite|Dragonite, M|100/100\n|turn|1\n|\n|t:|1773087340\n|move|p1a: Zeraora|U-turn|p2a: Dragonite\n|-resisted|p2a: Dragonite\n|-damage|p2a: Dragonite|87/100\n|\n|t:|1773087346\n|switch|p1a: Charybdis|Guzzlord|100/100|[from] U-turn\n|move|p2a: Dragonite|Dragon Dance|p2a: Dragonite\n|-boost|p2a: Dragonite|atk|1\n|-boost|p2a: Dragonite|spe|1\n|\n|upkeep\n|turn|2\n|\n|t:|1773087363\n|move|p2a: Dragonite|Ice Spinner|p1a: Charybdis\n|-supereffective|p1a: Charybdis\n|-damage|p1a: Charybdis|66/100\n|-damage|p2a: Dragonite|78/100|[from] item: Life Orb\n|move|p1a: Charybdis|Knock Off|p2a: Dragonite\n|-damage|p2a: Dragonite|31/100\n|-enditem|p2a: Dragonite|Life Orb|[from] move: Knock Off|[of] p1a: Charybdis\n|\n|-heal|p1a: Charybdis|72/100|[from] item: Leftovers\n|upkeep\n|turn|3\n|\n|t:|1773087393\n|switch|p2a: Hatterene|Hatterene, F|100/100\n|move|p1a: Charybdis|Heavy Slam|p2a: Hatterene\n|-supereffective|p2a: Hatterene\n|-damage|p2a: Hatterene|12/100\n|\n|-heal|p1a: Charybdis|78/100|[from] item: Leftovers\n|-heal|p2a: Hatterene|18/100|[from] item: Leftovers\n|upkeep\n|turn|4\n|\n|t:|1773087403\n|move|p1a: Charybdis|Heavy Slam|p2a: Hatterene\n|-supereffective|p2a: Hatterene\n|-damage|p2a: Hatterene|0 fnt\n|faint|p2a: Hatterene\n|\n|-heal|p1a: Charybdis|84/100|[from] item: Leftovers\n|upkeep\n|\n|t:|1773087415\n|switch|p2a: Rotom|Rotom-Wash|100/100\n|turn|5\n|\n|t:|1773087432\n|move|p2a: Rotom|Volt Switch|p1a: Charybdis\n|-resisted|p1a: Charybdis\n|-damage|p1a: Charybdis|75/100\n|\n|t:|1773087441\n|switch|p2a: Krookodile|Krookodile, F|100/100|[from] Volt Switch\n|move|p1a: Charybdis|Knock Off|p2a: Krookodile\n|-resisted|p2a: Krookodile\n|-damage|p2a: Krookodile|74/100\n|-enditem|p2a: Krookodile|Loaded Dice|[from] move: Knock Off|[of] p1a: Charybdis\n|\n|-heal|p1a: Charybdis|82/100|[from] item: Leftovers\n|upkeep\n|turn|6\n|\n|t:|1773087453\n|move|p2a: Krookodile|Scale Shot|p1a: Charybdis\n|-supereffective|p1a: Charybdis\n|-damage|p1a: Charybdis|72/100\n|-supereffective|p1a: Charybdis\n|-damage|p1a: Charybdis|62/100\n|-hitcount|p1a: Charybdis|2\n|-unboost|p2a: Krookodile|def|1\n|-boost|p2a: Krookodile|spe|1\n|move|p1a: Charybdis|Heat Crash|p2a: Krookodile\n|-damage|p2a: Krookodile|7/100\n|\n|-heal|p1a: Charybdis|68/100|[from] item: Leftovers\n|upkeep\n|turn|7\n|\n|t:|1773087467\n|move|p2a: Krookodile|Earthquake|p1a: Charybdis\n|-damage|p1a: Charybdis|36/100\n|move|p1a: Charybdis|Heat Crash|p2a: Krookodile\n|-damage|p2a: Krookodile|0 fnt\n|faint|p2a: Krookodile\n|\n|-heal|p1a: Charybdis|42/100|[from] item: Leftovers\n|upkeep\n|\n|t:|1773087479\n|switch|p2a: Revavroom|Revavroom, F|100/100\n|turn|8\n|\n|t:|1773087489\n|move|p2a: Revavroom|Iron Head|p1a: Charybdis\n|-damage|p1a: Charybdis|18/100\n|move|p1a: Charybdis|Heat Crash|p2a: Revavroom\n|-supereffective|p2a: Revavroom\n|-damage|p2a: Revavroom|11/100\n|\n|-heal|p1a: Charybdis|24/100|[from] item: Leftovers\n|-ability|p2a: Revavroom|Rev Up|boost\n|-boost|p2a: Revavroom|spe|1\n|upkeep\n|turn|9\n|\n|t:|1773087505\n|switch|p1a: Alomomola|Alomomola, M, shiny|100/100\n|move|p2a: Revavroom|Iron Head|p1a: Alomomola\n|-resisted|p1a: Alomomola\n|-damage|p1a: Alomomola|87/100\n|-damage|p2a: Revavroom|0 fnt|[from] item: Rocky Helmet|[of] p1a: Alomomola\n|faint|p2a: Revavroom\n|\n|upkeep\n|\n|t:|1773087510\n|switch|p2a: Rotom|Rotom-Wash|100/100\n|turn|10\n|\n|t:|1773087517\n|move|p2a: Rotom|Volt Switch|p1a: Alomomola\n|-supereffective|p1a: Alomomola\n|-damage|p1a: Alomomola|32/100\n|\n|t:|1773087520\n|switch|p2a: Dragonite|Dragonite, M|31/100|[from] Volt Switch\n|move|p1a: Alomomola|Flip Turn|p2a: Dragonite\n|-resisted|p2a: Dragonite\n|-damage|p2a: Dragonite|22/100\n|\n|t:|1773087528\n|switch|p1a: Zeraora|Zeraora, shiny|100/100|[from] Flip Turn\n|\n|upkeep\n|turn|11\n|\n|t:|1773087535\n|move|p2a: Dragonite|Extreme Speed|p1a: Zeraora\n|-damage|p1a: Zeraora|61/100\n|move|p1a: Zeraora|Plasma Fists|p2a: Dragonite\n|-damage|p2a: Dragonite|0 fnt\n|-fieldactivate|move: Ion Deluge\n|-hint|Normal-type moves become Electric-type after using Plasma Fists.\n|faint|p2a: Dragonite\n|\n|upkeep\n|\n|t:|1773087546\n|switch|p2a: Chandelure|Chandelure, M|100/100\n|turn|12\n|\n|t:|1773087550\n|move|p1a: Zeraora|Knock Off|p2a: Chandelure\n|-supereffective|p2a: Chandelure\n|-damage|p2a: Chandelure|17/100\n|-damage|p1a: Zeraora|45/100|[from] item: Rocky Helmet|[of] p2a: Chandelure\n|-status|p1a: Zeraora|brn|[from] ability: Flame Body|[of] p2a: Chandelure\n|-enditem|p2a: Chandelure|Rocky Helmet|[from] move: Knock Off|[of] p1a: Zeraora\n|move|p2a: Chandelure|Fire Blast|p1a: Zeraora|[miss]\n|-miss|p2a: Chandelure|p1a: Zeraora\n|\n|-damage|p1a: Zeraora|39/100 brn|[from] brn\n|upkeep\n|turn|13\n|\n|t:|1773087562\n|move|p1a: Zeraora|U-turn|p2a: Chandelure\n|-resisted|p2a: Chandelure\n|-damage|p2a: Chandelure|14/100\n|\n|t:|1773087566\n|switch|p1a: Charybdis|Guzzlord|24/100|[from] U-turn\n|move|p2a: Chandelure|Hex|p1a: Charybdis\n|-resisted|p1a: Charybdis\n|-damage|p1a: Charybdis|13/100\n|\n|-heal|p1a: Charybdis|20/100|[from] item: Leftovers\n|upkeep\n|turn|14\n|\n|t:|1773087584\n|move|p2a: Chandelure|Hex|p1a: Charybdis\n|-resisted|p1a: Charybdis\n|-damage|p1a: Charybdis|8/100\n|move|p1a: Charybdis|Rest|p1a: Charybdis\n|-status|p1a: Charybdis|slp|[from] move: Rest\n|-heal|p1a: Charybdis|100/100 slp|[silent]\n|\n|upkeep\n|turn|15\n|\n|t:|1773087592\n|move|p2a: Chandelure|Toxic||[still]\n|-fail|p2a: Chandelure\n|cant|p1a: Charybdis|slp\n|\n|upkeep\n|turn|16\n|\n|t:|1773087598\n|move|p2a: Chandelure|Fire Blast|p1a: Charybdis\n|-resisted|p1a: Charybdis\n|-damage|p1a: Charybdis|90/100 slp\n|cant|p1a: Charybdis|slp\n|\n|-heal|p1a: Charybdis|96/100 slp|[from] item: Leftovers\n|upkeep\n|turn|17\n|-message|Go0o0 forfeited.\n|\n|win|MustacheGuy1430\n|raw|MustacheGuy1430's rating: 1156 &rarr; <strong>1173</strong><br />(+17 for winning)\n|raw|Go0o0's rating: 1000 &rarr; <strong>1000</strong><br />(+0 for losing)\n|l|☆Go0o0\n|player|p2|\n"}